@book{ericksonIntroducingChristianDoctrine2015,
  title = {Introducing {{Christian}} Doctrine},
  author = {Erickson, Millard J.},
  editor = {Hustad, L. Arnold},
  date = {2015},
  edition = {Third edition},
  publisher = {Baker Academic},
  location = {Grand Rapids, Michigan},
  abstract = {This college-level abridgment of Erickson's classic Christian Theology offers students an accessible textbook on Christian doctrine},
  isbn = {978-1-4412-2256-5},
  langid = {english},
  annotation = {OCLC: 949819996}
}

@book{Tyndale1996,
  title = {Holy Bible, New Living Translation},
  author = {{Tyndale House}},
  date = {1996},
  publisher = {Tyndale House Publishers}
}
